@inproceedings{Pacheco2007,
  author    = {C. Pacheco and M.D. Ernst},
  title     = {Randoop: Feedback-directed random testing for Java},
  booktitle = {Proceedings of the ACM SIGPLAN International Conference on Object-Oriented Programming, Systems, Languages, and Applications (OOPSLA)},
  year      = {2007},
  pages     = {815--816}
}

@article{Arcuri2011,
  author    = {A. Arcuri and L. Briand},
  title     = {Adaptive random testing: An illusion of effectiveness?},
  journal   = {ACM SIGSOFT Software Engineering Notes},
  volume    = {36},
  number    = {6},
  pages     = {265--275},
  year      = {2011}
}

@inproceedings{Hughes2007,
  author    = {J. Hughes},
  title     = {QuickCheck Testing for Fun and Profit},
  booktitle = {Proceedings of the 9th International Symposium on Practical Aspects of Declarative Languages (PADL)},
  year      = {2007},
  pages     = {1--32}
}

@article{MacIver2019,
  author    = {D. MacIver},
  title     = {Hypothesis: A new approach to property-based testing},
  journal   = {Journal of Open Source Software},
  volume    = {4},
  number    = {43},
  pages     = {article 1891},
  year      = {2019}
}

@misc{Nilsson2014,
  author    = {R. Nilsson},
  title     = {ScalaCheck: Property-based testing for Scala},
  year      = {2014},
  howpublished = {\url{https://www.scalacheck.org}}
}

@misc{Link2020,
  author    = {J. Link},
  title     = {jqwik: Property-based Testing for the JVM},
  year      = {2020},
  howpublished = {\url{https://jqwik.net}}
}

@inproceedings{Fraser2012,
  author    = {G. Fraser and A. Arcuri},
  title     = {The seed is strong: Seeding strategies in search-based software testing},
  booktitle = {IEEE International Conference on Software Testing, Verification, and Validation Workshops (ICSTW)},
  year      = {2012},
  pages     = {121--130}
}

@inproceedings{Groce2013,
  author    = {A. Groce et al.},
  title     = {Help, help, I'm being suppressed! The significance of suppressors in software testing},
  booktitle = {IEEE International Symposium on Software Reliability Engineering (ISSRE)},
  year      = {2013},
  pages     = {390--399}
}

@article{Hamlet1990,
  author    = {R. Hamlet},
  title     = {Partition testing does not inspire confidence},
  journal   = {IEEE Transactions on Software Engineering},
  volume    = {16},
  number    = {12},
  pages     = {1402--1411},
  year      = {1990}
}

@book{Kuhn2013,
  author    = {R. Kuhn and R. Kacker and Y. Lei},
  title     = {Introduction to combinatorial testing},
  publisher = {CRC Press},
  year      = {2013}
}

@inproceedings{Briand2005,
  author    = {L. Briand and Y. Labiche and M. Shousha},
  title     = {Stress testing real-time systems with genetic algorithms},
  booktitle = {Proceedings of the Genetic and Evolutionary Computation Conference (GECCO)},
  year      = {2005},
  pages     = {1021--1028}
}

@article{Arcuri2013,
  author    = {A. Arcuri},
  title     = {It really does matter how you normalize the branch distance in search-based software testing},
  journal   = {Software Testing, Verification \& Reliability},
  volume    = {23},
  number    = {2},
  pages     = {119--147},
  year      = {2013}
}

@inproceedings{Brown1975,
  author    = {J.R. Brown and M. Lipow},
  title     = {Testing for software reliability},
  booktitle = {IEEE Computer Society Press},
  pages     = {518--527},
  year      = {1975}
}

@book{Musa1987,
  author    = {J.D. Musa and A. Iannino and K. Okumoto},
  title     = {Software Reliability: Measurement, Prediction, Application},
  publisher = {McGraw-Hill},
  year      = {1987}
}

@article{Sahinoglu2003,
  author    = {M. Sahinoglu},
  title     = {An entropy approach to software test data evaluation},
  journal   = {IEEE Transactions on Software Engineering},
  volume    = {29},
  number    = {11},
  pages     = {1035--1040},
  year      = {2003}
}

@article{Whittaker1994,
  author    = {J.A. Whittaker and M.G. Thomason},
  title     = {A Markov Chain model for statistical software testing},
  journal   = {IEEE Transactions on Software Engineering},
  volume    = {20},
  number    = {10},
  pages     = {812--824},
  year      = {1994}
}

@incollection{Bertolino2010,
  author    = {A. Bertolino and E. Marchetti},
  title     = {A brief essay on software testing},
  booktitle = {Software Engineering},
  publisher = {Springer},
  pages     = {393--411},
  year      = {2010}
}

@article{Ostrand1988,
  author    = {T.J. Ostrand and M.J. Balcer},
  title     = {The category-partition method for specifying and generating functional tests},
  journal   = {Communications of the ACM},
  volume    = {31},
  number    = {6},
  pages     = {676--686},
  year      = {1988}
}

@article{Kuhn1984,
  author    = {D.R. Kuhn and D.R. Wallace and A.M. Gallo Jr.},
  title     = {Software fault interactions and implications for software testing},
  journal   = {IEEE Transactions on Software Engineering},
  volume    = {30},
  number    = {6},
  pages     = {418--421},
  year      = {2004}
}

@article{Chen2007,
  author    = {T.Y. Chen and H. Leung and I.K. Mak},
  title     = {Adaptive random testing},
  journal   = {Advances in Computers},
  volume    = {74},
  pages     = {121--162},
  year      = {2007}
}

@article{Xu2016,
  author    = {D. Xu et al.},
  title     = {Diversity-driven adaptive random testing for higher fault detection capability},
  journal   = {IEEE Transactions on Reliability},
  volume    = {65},
  number    = {1},
  pages     = {112--130},
  year      = {2016}
}

@inproceedings{Shi2014,
  author    = {Y. Shi et al.},
  title     = {Measuring test diversity using entropy},
  booktitle = {IEEE International Conference on Software Testing, Verification, and Validation Workshops (ICSTW)},
  year      = {2014},
  pages     = {213--222}
}

@article{Shahbazi2013,
  author    = {S. Shahbazi and J. Miller and M. Mirzazadeh},
  title     = {Improved random testing via Voronoi diagram partitioning},
  journal   = {IEEE Transactions on Software Engineering},
  volume    = {39},
  number    = {12},
  pages     = {1634--1649},
  year      = {2013}
}

@article{Groce2014,
  author    = {A. Groce and C. Zhang and M.A. Alipour},
  title     = {Coverage and its discontents},
  booktitle = {Proceedings of the ACM Symposium on Applied Computing (SAC)},
  year      = {2014},
  pages     = {1090--1093}
}

@article{Duran1984,
  author    = {J.W. Duran and S.C. Ntafos},
  title     = {An evaluation of random testing},
  journal   = {IEEE Transactions on Software Engineering},
  volume    = {10},
  number    = {4},
  pages     = {438--444},
  year      = {1984}
}

@article{Ntafos1988,
  author    = {S.C. Ntafos},
  title     = {A comparison of some structural testing strategies},
  journal   = {IEEE Transactions on Software Engineering},
  volume    = {14},
  number    = {6},
  pages     = {868--874},
  year      = {1988}
}

@techreport{Mills1972,
  author    = {H.D. Mills},
  title     = {On the statistical validation of computer programs},
  institution = {IBM Federal Systems Division},
  year      = {1972},
  number    = {FSC-72-6015}
}

@book{Myers2011,
  author    = {G.J. Myers and C. Sandler and T. Badgett},
  title     = {The Art of Software Testing},
  publisher = {Wiley},
  edition   = {3rd},
  year      = {2011}
}

@article{Huang2003,
  author    = {C.Y. Huang and M.R. Lyu and S.Y. Kuo},
  title     = {A unified scheme of some non-homogeneous Poisson process models for software reliability estimation},
  journal   = {IEEE Transactions on Software Engineering},
  volume    = {29},
  number    = {3},
  pages     = {261--269},
  year      = {2003}
}

@inproceedings{Shu2015,
  author    = {R. Shu and H. Liu and W.E. Wong},
  title     = {Measuring software testing complexity using information theory},
  booktitle = {IEEE International Conference on Software Quality, Reliability and Security (QRS)},
  year      = {2015},
  pages     = {1--10}
}

@inproceedings{Groce2017,
  author    = {A. Groce and J.M. Beck},
  title     = {The economics of software testing},
  booktitle = {Proceedings of the IEEE International Symposium on Software Reliability Engineering Workshops (ISSREW)},
  year      = {2017},
  pages     = {24--25}
} 